@MISC{DOCUMENT_PROJECT_INTRO:1,
	AUTHOR = "Andrew P. Paplinski",
	TITLE = "FIT3036 - 3rd Year Project: Road Surface Estimation",
	YEAR = "2018"
}

@MISC{WEBSITE_VICROAD:1,
	HOWPUBLISHED = "\url{https://www.vicroads.vic.gov.au/about-vicroads/acts-and-regulations/register-of-public-roads}",
	AUTHOR = "VicRoads",
	TITLE = "Register of public roads",
	YEAR = "2016"
}

@MISC{WEBSITE_ANGULAR:1,
	HOWPUBLISHED = "\url{https://angular.io/}",
	AUTHOR = "Google",
	TITLE = "Angular",
	YEAR = "2018"
}

@MISC{WEBSITE_NODEJS:1,
	HOWPUBLISHED = "\url{https://nodejs.org/en/}",
	AUTHOR = "Joyent",
	TITLE = "Node.js",
	YEAR = "2018"
}

@MISC{WEBSITE_GOOGLE_MAPS:1,
	HOWPUBLISHED = "\url{https://developers.google.com/maps/documentation/javascript/}",
	AUTHOR = "Google",
	TITLE = "Google Maps JavaScript API",
	YEAR = "2018"
}

@MISC{WEBSITE_EXPRESSJS:1,
	HOWPUBLISHED = "\url{https://expressjs.com/en/4x/api.html}",
	AUTHOR = "StrongLoop",
	TITLE = "Express.js",
	YEAR = "2018"
}

@MISC{WEBSITE_AGM:1,
	HOWPUBLISHED = "\url{https://angular-maps.com/}",
	AUTHOR = "Sebastian Holstein",
	TITLE = "Angular Google Mapss (AGM)",
	YEAR = "2018"
}

@MISC{WEBSITE_MDBOOTSTRAP:1,
	HOWPUBLISHED = "\url{https://mdbootstrap.com/angular/}",
	AUTHOR = "MDBootstrap",
	TITLE = "Material Design for Bootstrap 4 (Angular)",
	YEAR = "2018"
}

@MISC{WEBSITE_GITHUB:1,
	HOWPUBLISHED = "\url{https://github.com/}",
	AUTHOR = "GitHub",
	TITLE = "GitHub",
	YEAR = "2018"
}

@ARTICLE{ARTICLE_ROAD_DETECTION:1,
	AUTHOR="Mohammad Rezaee and Yun Zhang",
    TITLE="Road Detection Using Deep Neural Network In High Spatial Resolution Images",
    JOURNAL="Joint Urban Remote Sensing Event (JURSE)",
    YEAR="2017"
}

@MISC{WEBSITE_MEDIUM_NODEJS_GET-PIXELS:1,
	HOWPUBLISHED = "\url{https://medium.com/@mackplevine/node-js-get-pixels-getting-pixels-at-specific-sectors-of-an-image-using-ndarray-e6d4cb285d36}",
	AUTHOR = "Mackinley Levine",
	TITLE = "Node.js get-pixels: Getting Pixels at Specific Sectors of an Image using ndarray",
	YEAR = "2015"
}

@MISC{WEBSITE_MEDIUM:1,
	HOWPUBLISHED = "\url{https://medium.com/}",
	AUTHOR = "A-Medium-Corporation",
	TITLE = "Medium",
	YEAR = "2012"
}

@MISC{WEBSITE_GET-PIXELS:1,
	HOWPUBLISHED = "\url{https://github.com/scijs/get-pixels}",
	AUTHOR = "scijs",
	TITLE = "get-pixels",
	YEAR = "2018"
}

@MISC{WEBSITE_NDARRAY:1,
	HOWPUBLISHED = "\url{https://github.com/scijs/ndarray}",
	AUTHOR = "scijs",
	TITLE = "ndarray",
	YEAR = "2018"
}

@MISC{WEBSITE_GOOGLE_MAPS_STATIC:1,
	HOWPUBLISHED = "\url{https://developers.google.com/maps/documentation/static-maps/}",
	AUTHOR = "Google",
	TITLE = "Google Maps Static API",
	YEAR = "2018"
}

@MISC{WEBSITE_YOUTUBE_AGM:1,
	HOWPUBLISHED = "\url{https://www.youtube.com/watch?v=lApggVS0icc}",
	AUTHOR = "Academind",
	TITLE = "Google Maps \& Angular ANGULAR SNIPPETS",
	YEAR = "2017"
}

@MISC{WEBSITE_COURSETRO_MDBOOTSTRAP_ANGULAR:1,
	HOWPUBLISHED = "\url{https://coursetro.com/posts/code/132/Material-Design-Bootstrap-4-and-Angular-5-Tutorial---MdBootstrap}",
	AUTHOR = "coursetro",
	TITLE = "Material Design Bootstrap 4 and Angular 5 Tutorial - MdBootstrap",
	YEAR = "2018"
}

@MISC{WEBSITE_BOOTSTRAP:1,
	HOWPUBLISHED = "\url{https://getbootstrap.com/}",
	AUTHOR = "Twitter",
	TITLE = "Bootstrap",
	YEAR = "2018"
}

@MISC{WEBSITE_GOOGLE_MATERIAL_DESIGN:1,
	HOWPUBLISHED = "\url{https://material.io/}",
	AUTHOR = "Google",
	TITLE = "Material Design",
	YEAR = "2018"
}

@MISC{WEBSITE_GOOGLE_MAPS_API_STYLING_WIZARD:1,
	HOWPUBLISHED = "\url{https://mapstyle.withgoogle.com/}",
	AUTHOR = "Google",
	TITLE = "Google Maps APIs Styling Wizard",
	YEAR = "2018"
}

@MISC{WEBSITE_GOOGLE_CHROME_DEVTOOLS:1,
	HOWPUBLISHED = "\url{https://developers.google.com/web/tools/chrome-devtools/}",
	AUTHOR = "Google",
	TITLE = "Google Chrome DevTools",
	YEAR = "2018"
}

@MISC{DOCUMENT_PROJECT_PROPOSAL_TEST_PLAN:1,
	AUTHOR = "Thanakrit Lee",
	TITLE = "Road Surface Estimator A Project Proposal",
	PAGES = "15--17",
	YEAR = "2018"
}

@MISC{WEBSITE_WIKIPEDIA_PAAS:1,
	HOWPUBLISHED = "\url{https://en.wikipedia.org/wiki/Platform_as_a_service}",
	AUTHOR = "Wikipedia",
	TITLE = "Platform as a service",
	YEAR = "2018"
}

@MISC{WEBSITE_SASS:1,
	HOWPUBLISHED = "\url{https://sass-lang.com/}",
	AUTHOR = "Sass",
	TITLE = "Sass",
	YEAR = "2018"
}

@MISC{WEBSITE_GIT:1,
	HOWPUBLISHED = "\url{https://git-scm.com/}",
	AUTHOR = "Linus Torvalds",
	TITLE = "Git",
	YEAR = "2018"
}

@MISC{WEBSITE_HEROKU:1,
	HOWPUBLISHED = "\url{https://www.heroku.com/}",
	AUTHOR = "Salesforce",
	TITLE = "Heroku",
	YEAR = "2018"
}

@MISC{WEBSITE_MICROSOFT_VSCODE:1,
	HOWPUBLISHED = "\url{https://code.visualstudio.com/}",
	AUTHOR = "Microsoft",
	TITLE = "Virtual Studio Code",
	YEAR = "2018"
}

@MISC{WEBSITE_GOOGLE_CHROME:1,
	HOWPUBLISHED = "\url{https://www.google.com.au/chrome/}",
	AUTHOR = "Google",
	TITLE = "Chrome",
	YEAR = "2018"
}

@MISC{WEBSITE_AXOSOFT_GITKRAKEN:1,
	HOWPUBLISHED = "\url{https://www.gitkraken.com/}",
	AUTHOR = "Axosoft",
	TITLE = "GitKraken",
	YEAR = "2018"
}

@MISC{WEBSITE_GOOGLE_GROUPS_MAPS:1,
	HOWPUBLISHED = "\url{https://groups.google.com/forum/#!msg/google-maps-js-api-v3/hDRO4oHVSeM/osOYQYXg2oUJ}",
	AUTHOR = "Chris Broadfoot",
	TITLE = "We need a Map.getScale() method",
	YEAR = "2011"
}

@MISC{WEBSITE_WIKIPEDIA_APPLE_IPHONE5:1,
	HOWPUBLISHED = "\url{https://en.wikipedia.org/wiki/IPhone_5}",
	AUTHOR = "Wikipedia",
	TITLE = "iPhone 5",
	YEAR = "2018"
}

@MISC{WEBSITE_GOOGLE_MAPS_WEB:1,
	HOWPUBLISHED = "\url{https://www.google.com/maps/}",
	AUTHOR = "Google",
	TITLE = "Maps",
	YEAR = "2018"
}

@MISC{WEBSITE_GOOGLE_MAPS_STATIC_SIZE:1,
	HOWPUBLISHED = "\url{https://developers.google.com/maps/documentation/static-maps/intro#Imagesizes}",
	AUTHOR = "Google",
	TITLE = "Image Sizes",
	YEAR = "2018"
}